<?xml version="1.0" encoding="UTF-8"?>
<record xmlns="http://www.loc.gov/MARC21/slim" xmlns:xsi="http://www.w3.org/2001/XMLSchema-instance" xsi:schemaLocation="http://www.loc.gov/MARC21/slim http://www.loc.gov/standards/marcxml/schema/MARC21slim.xsd">
<leader>00000cam a22      a 4500</leader>
<controlfield tag="001">001979795</controlfield>
<controlfield tag="003">NNU</controlfield>
<controlfield tag="005">20150611173041.0</controlfield>
<controlfield tag="008">910109m19891990ir       b    001 0 ara</controlfield>
<datafield tag="010" ind1=" " ind2=" ">
<subfield code="a">   90969765</subfield>
</datafield>
<datafield tag="035" ind1=" " ind2=" ">
<subfield code="a">(OCoLC)23017135</subfield>
</datafield>
<datafield tag="040" ind1=" " ind2=" ">
<subfield code="a">DLC</subfield>
<subfield code="b">eng</subfield>
<subfield code="c">DLC</subfield>
<subfield code="d">OSU</subfield>
<subfield code="d">OCLCF</subfield>
<subfield code="d">NNU</subfield>
</datafield>
<datafield tag="050" ind1=" " ind2="4">
<subfield code="a">BP192.8</subfield>
<subfield code="b">.T3 1990</subfield>
</datafield>
<datafield tag="245" ind1="0" ind2="0">
<subfield code="6">880-01</subfield>
<subfield code="a">Tārīkh ahl al-bayt :</subfield>
<subfield code="b">naqlan ʻan al-aʼimmah al-Bāqir wa-al-Ṣādiq wa-al-Riḍā wa-al-ʻAskarī ʻan ābāʼihim /</subfield>
<subfield code="c">wa-bi-riwāyat Naṣr al-Jahḍamī ... [et al.] ; taḥqīq Muḥammad Riḍā al-Ḥusaynī.</subfield>
</datafield>
<datafield tag="250" ind1=" " ind2=" ">
<subfield code="6">880-02</subfield>
<subfield code="a">al-Ṭabʻah 1.</subfield>
</datafield>
<datafield tag="260" ind1=" " ind2=" ">
<subfield code="6">880-03</subfield>
<subfield code="a">Qum :</subfield>
<subfield code="b">Muʼassasat Āl al-Bayt li-Iḥyāʼ al-Turāth,</subfield>
<subfield code="c">1410 [1989 or 1990]</subfield>
</datafield>
<datafield tag="300" ind1=" " ind2=" ">
<subfield code="a">227 p. :</subfield>
<subfield code="b">ill. ;</subfield>
<subfield code="c">24 cm.</subfield>
</datafield>
<datafield tag="336" ind1=" " ind2=" ">
<subfield code="a">text</subfield>
<subfield code="b">txt</subfield>
<subfield code="2">rdacontent</subfield>
</datafield>
<datafield tag="337" ind1=" " ind2=" ">
<subfield code="a">unmediated</subfield>
<subfield code="b">n</subfield>
<subfield code="2">rdamedia</subfield>
</datafield>
<datafield tag="338" ind1=" " ind2=" ">
<subfield code="a">volume</subfield>
<subfield code="b">nc</subfield>
<subfield code="2">rdacarrier</subfield>
</datafield>
<datafield tag="490" ind1="1" ind2=" ">
<subfield code="6">880-04</subfield>
<subfield code="a">Silsilat maṣādir Biḥār al-anwār ;</subfield>
<subfield code="v">10</subfield>
</datafield>
<datafield tag="500" ind1=" " ind2=" ">
<subfield code="a">On the occasion of the 300th anniversary of the death of al-Majlisī, 1110 H.</subfield>
</datafield>
<datafield tag="500" ind1=" " ind2=" ">
<subfield code="a">Errata leaf inserted.</subfield>
</datafield>
<datafield tag="504" ind1=" " ind2=" ">
<subfield code="a">Includes bibliographical references (p. 219-223) and indexes.</subfield>
</datafield>
<datafield tag="600" ind1="0" ind2="0">
<subfield code="6">880-05</subfield>
<subfield code="a">Muḥammad,</subfield>
<subfield code="c">Prophet,</subfield>
<subfield code="d">-632</subfield>
<subfield code="x">Family.</subfield>
</datafield>
<datafield tag="600" ind1="0" ind2="7">
<subfield code="a">Muḥammad,</subfield>
<subfield code="c">Prophet,</subfield>
<subfield code="d">-632.</subfield>
<subfield code="2">fast</subfield>
<subfield code="0">(OCoLC)fst01836298</subfield>
</datafield>
<datafield tag="650" ind1=" " ind2="7">
<subfield code="a">Families.</subfield>
<subfield code="2">fast</subfield>
<subfield code="0">(OCoLC)fst01728849</subfield>
</datafield>
<datafield tag="700" ind1="1" ind2=" ">
<subfield code="6">880-06</subfield>
<subfield code="a">Ḥusaynī, Muḥammad Riḍā.</subfield>
</datafield>
<datafield tag="700" ind1="0" ind2=" ">
<subfield code="6">880-07</subfield>
<subfield code="a">Muḥammad al-Bāqir ibn ʻAlī Zayn al-ʻĀbidīn,</subfield>
<subfield code="d">-731 or 732.</subfield>
</datafield>
<datafield tag="700" ind1="1" ind2=" ">
<subfield code="6">880-08</subfield>
<subfield code="a">Jahḍamī, Naṣr ibn ʻAlī,</subfield>
<subfield code="d">-864 or 855.</subfield>
</datafield>
<datafield tag="710" ind1="2" ind2=" ">
<subfield code="6">880-09</subfield>
<subfield code="a">Muʼassasat Āl al-Bayt li-Iḥyāʼ al-Turāth.</subfield>
</datafield>
<datafield tag="776" ind1="0" ind2="8">
<subfield code="i">Online version:</subfield>
<subfield code="t">Tārīkh ahl al-bayt.</subfield>
<subfield code="b">al-Ṭabʻah 1.</subfield>
<subfield code="d">Qum : Muʼassasat Āl al-Bayt li-Iḥyāʼ al-Turāth, 1410 [1989 or 1990]</subfield>
<subfield code="w">(OCoLC)555780409</subfield>
</datafield>
<datafield tag="880" ind1="0" ind2="0">
<subfield code="6">245-01/</subfield>
<subfield code="a">تاريخ اهل البيت :</subfield>
<subfield code="b">نقلا عن الائمة الباقر والصادق والرضا والعسكري عن ابائهم ... /</subfield>
<subfield code="c">تحقيق مؤسسة آل البيت عليهم السلام لاحياء التراث.</subfield>
</datafield>
<datafield tag="880" ind1=" " ind2=" ">
<subfield code="6">250-02/</subfield>
<subfield code="a">الطبعة ١.</subfield>
</datafield>
<datafield tag="880" ind1=" " ind2=" ">
<subfield code="6">260-03/</subfield>
<subfield code="a">بيروت :</subfield>
<subfield code="b">مؤسسة آل البيت لاحياء التراث،</subfield>
<subfield code="c">1410 [1989 or 1990]</subfield>
</datafield>
<datafield tag="880" ind1="1" ind2=" ">
<subfield code="6">490-04/</subfield>
<subfield code="a">سلسلة مصادر بهار الانوار ؛</subfield>
<subfield code="v">١٠</subfield>
</datafield>
<datafield tag="880" ind1="0" ind2="4">
<subfield code="6">600-05/</subfield>
<subfield code="a">محمد،</subfield>
<subfield code="c">پرپهت،</subfield>
<subfield code="d">632</subfield>
<subfield code="x">فملي.</subfield>
</datafield>
<datafield tag="880" ind1="1" ind2=" ">
<subfield code="6">700-06/</subfield>
<subfield code="a">حسيني، محمد رضا.</subfield>
</datafield>
<datafield tag="880" ind1="0" ind2=" ">
<subfield code="6">700-07/</subfield>
<subfield code="a">محمد الباقر بن علي زين العابدين،</subfield>
<subfield code="d">-731 or 732.</subfield>
</datafield>
<datafield tag="880" ind1="1" ind2=" ">
<subfield code="6">700-08/</subfield>
<subfield code="a">جهضمي، نصر بن علي،</subfield>
<subfield code="d">-864 or 855.</subfield>
</datafield>
<datafield tag="880" ind1="2" ind2=" ">
<subfield code="6">710-09/</subfield>
<subfield code="a">مؤسسة آل البيت لاحياء التراث.</subfield>
</datafield>
<datafield tag="830" ind1=" " ind2="0">
<subfield code="6">880-10</subfield>
<subfield code="a">Silsilat maṣādir Biḥār al-anwār ;</subfield>
<subfield code="v">10.</subfield>
</datafield>
<datafield tag="880" ind1=" " ind2="0">
<subfield code="6">830-10/</subfield>
<subfield code="a">سلسلة مصادر بهار الانوار ؛</subfield>
<subfield code="v">١٠.</subfield>
</datafield>
<datafield tag="OWN" ind1=" " ind2=" ">
<subfield code="a">GENERAL</subfield>
</datafield>
<datafield tag="AVA" ind1=" " ind2=" ">
<subfield code="a">NYU50</subfield>
<subfield code="b">BOBST</subfield>
<subfield code="c">Main Collection</subfield>
<subfield code="d">BP136.46 .T37 1990</subfield>
<subfield code="e">unavailable</subfield>
<subfield code="t">Unavailable</subfield>
<subfield code="f">1</subfield>
<subfield code="g">1</subfield>
<subfield code="h">N</subfield>
<subfield code="i">0</subfield>
<subfield code="j">MAIN</subfield>
<subfield code="k">0</subfield>
</datafield>
</record>
